@article{FaulknerCERC,
	author={J.D. Faulkner and J.J. Wamboldt and K.M. Lawson and J.P. Plumb and C.W. Woodley and J.C. Stanton and M. Sholtis and N. Swyers and R.D. Calfee and M.K. Brey},
	title={Behavioral response of silver carp \emph{Hypophthalmichthys molitrix} to novel acoustic deterrent stimuli in a pond},
	journal={in preparation},
}

@article{McClintock2018,
	author={B.T. McClintock and T. Michelot},
	title={momentuHMM: R package for generalized hidden Markov models of animal movement},
	journal={Methods in Ecology and Evolution},
	volume={9},
	pages={1518-1530},
	year={2018}
}