 @article{automap,
	title = {Real-time automatic interpolation of ambient gamma dose rates from the Dutch Radioactivity Monitoring Network},
	author = {Hiemstra, P.H. and Pebesma, E.J. and Twenhöfel, C.J.W.
	and Heuvelink, G.B.M.},
	journal = {Computers \& Geosciences},
	year = {2008},
	note = {DOI: http://dx.doi.org/10.1016/j.cageo.2008.10.011},
}

@article{Chick2020,
	title = {Invasive silver carp is empirically linked to declines of native sport fish in the Upper Mississippi River System},
	author = {Chick, John H. and Gibson-Reinemer, Daniel K. and Soeken-Gittinger, Lori and Casper, Andrew F.},
	journal = {Biological Invasions},
	number = {22},
	pages = {723-734},
	year = {2020},
}

@article{DeBoer2018,
	title = {Multi-trophic response to invasive silver carp},
	author = {DeBoer, Jason A. and Anderson, Alison M. and Casper, Andrew F.},
	journal = {Freshwater Biology},
	volume = {63},
	number = {6},
	pages = {597-611},
	year = {2018},
}

@article{Fritts2018,
	title = {Evaluating potential effects of bigheaded carps on fatty acid profiles of multiple trophic levels in large rivers of the Midwest, USA},
	author = {Fritts, Andrea K. and Knights, Brent C. and Lafrancois, Toben D. and Vallazza, Jon M. and Bartsch, Lynn A. and Bartsch, Michelle R. and Richardson, William B. and Bailey, Sean W. and Kreiling, Rebecca M. and Karns, Byron N.},
	journal = {Food Webs},
	volume = {16},
	year = {2018},
}

@article{George1995,
	title = {Physical mechanisms to explain the observed features of ambient noise in shallow water},
	author = {George, Jacob},
	journal = {The Journal of the Acoustical Society of America},
	volume = {99},
	number = {6},
	pages = {3439-3444},
	year = {1996}
}

@article{Johnson2008,
	title = {Continuous-time correlated random walk model for animal telemetry data},
	author = {Johnson, Devin S. and London, Joshua M. and Lea, Mary-Anne and Durban, John W.},
	journal = {Ecology},
	volume = {89},
	number = {5},
	pages = {1208-1215},
	year = {2008},
}

@book{Kolar2007,
	title = {Bigheaded carps: a biological synopsis and environmental risk assessment},
	author = {Kolar, Cindy S. and Chapman, Duane C. and Courtenay, Walter R. and Housel, Christine M. and Williams, James D. and Jennings, Dawn P.},
	publisher = {American Fisheries Society},
	year = {2007},
	series = {American Fisheries Society Special Publication},
	number = {33}
}

@article{McClintock2012,
	title = {A general discrete-time modeling framework for animal movement using multistate random walks},
	author = {McClintock, Brett T. and King, Ruth and Thomas, Len and Matthiopoulos, Jason and McConnell, Bernie J. and Morales, Juan M.},
	journal = {Ecological Monographs},
	volume = {82},
	number = {3},
	pages = {335-349},
	year = {2012},
}

@article{McClintock2018,
	title = {momentuHMM: R package for generalized hidden Markov models of animal movement},
	author = {McClintock, Brett T. and Michelot, Théo},
	journal = {Methods in Ecology and Evolution},
	volume = {9},
	pages = {1518-1530},
	year = {2018},
}

@inbook{McConnell2010,
	title = {Marine Mammal Ecology and Conservation: A Handbook of Techniques},
	author = {McConnell, Bernie and Fedak, Mike and Hooker, Sascha and Patterson, Toby},
	chapter = {10},
	pages = {222-262},
	publisher = {Oxford University Press},
	year = {2010},
}

@article{Michelot2016,
	title = {moveHMM: an R package for the statistical modelling of animal movement data using hidden Markov models},
	author = {Michelot, Théo and Langrock, Roland and Patterson, Toby A.},
	journal = {Methods in Ecology and Evolution},
	volume = {7},
	pages = {1308-1315},
	year = {2016},
}

@article{Pegg2002,
	title = {Establishment of Bighead Carp in an Illinois River Floodplain Lake: A Potential Source  Population for the Illinois River},
	author = {Pegg, Mark. A and Lemke, Maria and Stoeckel, James A.},
	journal = {Journal of Freshwater Ecology},
	volume = {17},
	number = {1},
	pages = {161-163},
	year = {2002},
}

@article{Phelps2017,
	title = {Incorporating basic and applied approaches to evaluate the effects of invasive Asian Carp on native fishes: A necessary first step for integrated pest management},
	author = {Phelps, Quinton E. and Tripp, Sara J. and Bales, Kyle R. and James, Daniel and Hrabik, Robert A. and Herzog, David P.},
	journal = {PLoS ONE},
	volume = {12},
	number = {9},
	year = {2017},
}

@misc{crawl,
	title = {crawl: an R package for fitting continuous-time correlated random walk models to animal movement data},
	author = {Devin S. Johnson and Josh M. London},
	year = {2018},
	doi = {10.5281/zenodo.596464},
	url = {https://doi.org/10.5281/zenodo.596464},
}

@manual{Rlang2022,
	title = {R: A Language and Environment for Statistical Computing},
	author = {{R Core Team}},
	organization = {R Foundation for Statistical Computing},
	address = {Vienna, Austria},
	year = {2022},
	url = {https://www.R-project.org/},
}

@article{Solomon2016,
	title = {Long-term changes in fish community structure in relation to teh establishment of Asian carps in a large floodplain river},
	author = {Solomon, Levi E. and Pendleton, Richard M. and Chick, John H. and Casper, Andrew F.},
	journal = {Biological Invasions},
	volume = {18},
	pages = {2883-2895},
	year = {2016},
}

@article{Sullivan2018,
	title = {Factors Regulating Year-Class Strength of Silver Carp Throughout the Mississippi River Basin},
	author = {Sullivan, Christopher J. and Weber, Michael J.},
	journal = {Transactions of the American Fisheries Society},
	volume = {147},
	number = {3},
	pages = {541-553},
	year = {2018},	
}

@article{Tomkiewicz2010,
	title = {Global positioning system and associated technologies in animal behavior and ecological research},
	author = {Tomkiewicz, Stanley M. and Fuller, Mark R. and Kie, John G. and Bates, Kirk K.},
	journal = {Philosophical Transactions of the Royal Society B},
	volume = {365},
	pages = {2163-2176},
	year = {2010},
}

@article{Whoriskey2017,
	title = {A hidden Markov movement model for rapidly identifying behavioral states from animal tracks},
	author = {Whoriskey, Kim and Auger-Méthe, Marie and Albertsen, Christoffer M. and Whoriskey, Frederick G. and Binder, Thomas R. and Krueger, Charles C. and Flemming, Joanna Mills},
	journal = {Ecology and Evolution},
	volume = {7},
	pages = {2112-2121},
	year = {2017},
}

@article{Wysocki2007,
	title = {Diversity in ambient noise in European freshwater habitats: Noise levels, spectral profiles, and impact on fishes},
	author = {Wysocki, Lidia Eva and Amoser, Sonja and Ladich, Friedrich},
	journal = {The Journal of the Acoustical Society of America},
	volume = {121},
	number = {5},
	pages = {2559-2566},
	year = {2007},
}